<?xml version="1.0" encoding="UTF-8"?><collection xmlns="http://www.loc.gov/MARC21/slim"><record><leader>00385nam--2200157-i-4500</leader><controlfield tag="001">000016722</controlfield><controlfield tag="002">20161230</controlfield><controlfield tag="005">20170302172502</controlfield><controlfield tag="008">060222s1000------------r-----000-0-eng-d</controlfield><datafield ind1=" " ind2=" " tag="245"><subfield code="a">Intersection cohomology</subfield></datafield><datafield ind1=" " ind2=" " tag="260"><subfield code="a">Boston</subfield><subfield code="b">Brikhauser</subfield><subfield code="c">1984</subfield></datafield><datafield ind1=" " ind2=" " tag="300"><subfield code="a">X + 238 p</subfield></datafield><datafield ind1=" " ind2=" " tag="490"><subfield code="a">Progres In Mathematis</subfield></datafield><datafield ind1=" " ind2=" " tag="700"><subfield code="a">Borel, Armand</subfield></datafield><datafield ind1=" " ind2=" " tag="852"><subfield code="a">512.73</subfield></datafield><datafield ind1=" " ind2=" " tag="CAT"><subfield code="a">SYS</subfield><subfield code="c">20170302</subfield><subfield code="h">172502</subfield></datafield></record></collection>